<?xml version='1.0' encoding='utf-8'?>
<record xmlns="http://www.loc.gov/MARC21/slim" xmlns:xsi="http://www.w3.org/2001/XMLSchema-instance">
  <leader>00000cam^a2200193^a^4500</leader>
  <controlfield tag="001">005109135</controlfield>
  <controlfield tag="005">20080505101545.0</controlfield>
  <controlfield tag="008">800129m19171918cauch^^^^^^^^^000^0^eng^d</controlfield>
  <datafield tag="035" ind1=" " ind2=" ">
    <subfield code="a">(OCoLC)ocm05921375</subfield>
  </datafield>
  <datafield tag="040" ind1=" " ind2=" ">
    <subfield code="a">CLE</subfield>
    <subfield code="c">CLE</subfield>
    <subfield code="d">OCL</subfield>
    <subfield code="d">MiU-H</subfield>
  </datafield>
  <datafield tag="049" ind1=" " ind2=" ">
    <subfield code="a">BEUA</subfield>
  </datafield>
  <datafield tag="100" ind1="1" ind2=" ">
    <subfield code="a">Southcott, Joanna,</subfield>
    <subfield code="d">1750-1814.</subfield>
  </datafield>
  <datafield tag="245" ind1="1" ind2="4">
    <subfield code="a">The express :</subfield>
    <subfield code="b">as foretold one hundred years ago, to be published by the hands of a woman in the tenth year of the century; and containing the prophecies and divine writings of the late Joanna Southcott /</subfield>
    <subfield code="c">[edited] by Alice Seymour.</subfield>
  </datafield>
  <datafield tag="250" ind1=" " ind2=" ">
    <subfield code="a">2nd ed.</subfield>
  </datafield>
  <datafield tag="260" ind1=" " ind2=" ">
    <subfield code="a">San Diego, Cal. :</subfield>
    <subfield code="b">Carpenter's book store,</subfield>
    <subfield code="c">1917-1918.</subfield>
  </datafield>
  <datafield tag="300" ind1=" " ind2=" ">
    <subfield code="a">2 v. :</subfield>
    <subfield code="b">ill. ;</subfield>
    <subfield code="c">23 cm.</subfield>
  </datafield>
  <datafield tag="590" ind1=" " ind2=" ">
    <subfield code="a">BHL: In Allen, D.C. D.C. Allen House of David collection.</subfield>
  </datafield>
  <datafield tag="650" ind1=" " ind2="0">
    <subfield code="a">Women prophets</subfield>
    <subfield code="z">England.</subfield>
  </datafield>
  <datafield tag="650" ind1=" " ind2="0">
    <subfield code="a">Millennialism</subfield>
    <subfield code="z">England.</subfield>
  </datafield>
  <datafield tag="700" ind1="1" ind2=" ">
    <subfield code="a">Seymour, Alice,</subfield>
    <subfield code="d">1856 or 1857-1943.</subfield>
  </datafield>
  <datafield tag="852" ind1="8" ind2=" ">
    <subfield code="a">MiU-H</subfield>
    <subfield code="b">BENT</subfield>
    <subfield code="h">9997 Aa 2 Box 5</subfield>
  </datafield>
  <datafield tag="997" ind1=" " ind2=" ">
    <subfield code="a">MARS</subfield>
  </datafield>
  <datafield tag="998" ind1=" " ind2=" ">
    <subfield code="c">BHL: LAC</subfield>
  </datafield>
  <datafield tag="LKR" ind1=" " ind2=" ">
    <subfield code="a">UP</subfield>
    <subfield code="b">5103930</subfield>
    <subfield code="l">MIU01</subfield>
    <subfield code="r">773</subfield>
    <subfield code="m">The express : as foretold one hundred years ago, to be published by the hands of a woman in the tenth year of the century; and containing the prophecies and divine writings of the late Joanna Southcott /</subfield>
    <subfield code="n">D. C. Allen House of David collection,</subfield>
  </datafield>
  <datafield tag="955" ind1=" " ind2=" ">
    <subfield code="b">BENT</subfield>
    <subfield code="p">B2456423</subfield>
  </datafield>
</record>
